@inproceedings{wang2015action,
	title={Action recognition with trajectory-pooled deep-convolutional descriptors},
	author={Wang, L. and Qiao, Y. and Tang, X.},
	booktitle={Proceedings of the IEEE Conference on Computer Vision and Pattern Recognition},
	pages={4305--4314},
	year={2015}
}

@inproceedings{huang1998empirical,
	title={The empirical mode decomposition and the Hilbert spectrum for nonlinear and non-stationary time series analysis},
	author={Huang, N. E. and Shen, Z. and Long, S. R. and Wu, M. C. and Shih, H. H. and Zheng, Q. and Yen, N. C. and Tung, C. C. and Liu, H. H.},
	booktitle={Proceedings of the Royal Society of London A: Mathematical, Physical and Engineering Sciences},
	volume={454},
	number={1971},
	pages={903--995},
	year={1998},
	organization={The Royal Society}
}

@article{riaz2016emd,
	title={EMD-Based Temporal and Spectral Features for the Classification of EEG Signals Using Supervised Learning},
	author={Riaz, F. and Hassan, A. and Rehman, S. and Niazi, I. Khan and Dremstrup, K.},
	journal={IEEE Transactions on Neural Systems and Rehabilitation Engineering},
	volume={24},
	number={1},
	pages={28--35},
	year={2016},
	publisher={IEEE}
}

@inproceedings{yumi2014first,
	title={First-Person Animal Activity Recognition from Egocentric Videos},
	author={Y. Iwashita and A. Takamine and R. Kurazume and M. S. Ryoo},
	booktitle={International Conference on Pattern Recognition},
	year={2014},
	month={August},
	address={Stockholm, Sweden},
} 

@inproceedings{ryoo2015pooled,
	title={Pooled motion features for first-person videos},
	author={Ryoo, M. S. and Rothrock, B. and Matthies, L.},
	booktitle={Proceedings of the IEEE Conference on Computer Vision and Pattern Recognition},
	pages={896--904},
	year={2015}
}

@inproceedings{wang2013action,
	title={Action recognition with improved trajectories},
	author={Wang, H. and Schmid, C.},
	booktitle={Proceedings of the IEEE International Conference on Computer Vision},
	pages={3551--3558},
	year={2013}
}

@inproceedings{zong2009hilbert,
	title={Hilbert-Huang transform based physiological signals analysis for emotion recognition},
	author={Zong, C. and Chetouani, M.},
	booktitle={IEEE International Symposium on Signal Processing and Information Technology},
	pages={334--339},
	year={2009},
	organization={IEEE}
}

@inproceedings{ryoo2013first,
      title={First-Person Activity Recognition: What Are They Doing to Me?},
      author={M. S. Ryoo and L. Matthies},
      booktitle={IEEE Conference on Computer Vision and Pattern Recognition},
      year={2013},
      month={June},
      address={Portland, OR},
} 


@inproceedings{fernando2015modeling,
  title={Modeling video evolution for action recognition},
  author={Fernando, B. and Gavves, E. and Oramas, J. M. and Ghodrati, A. and Tuytelaars, T.},
  booktitle={Proceedings of the IEEE Conference on Computer Vision and Pattern Recognition},
  pages={5378--5387},
  year={2015}
}

@inproceedings{wang2012mining,
  title={Mining actionlet ensemble for action recognition with depth cameras},
  author={Wang, J. and Liu, Z. and Wu, Y. and Yuan, J.},
  booktitle={IEEE Conference on Computer Vision and Pattern Recognition},
  pages={1290--1297},
  year={2012},
  organization={IEEE}
}

@inproceedings{choi2008spatio,
	title={Spatio-temporal pyramid matching for sports videos},
	author={Choi, J. and Jeon, W. J. and Lee, S. C.},
	booktitle={Proceedings of the 1st ACM international conference on Multimedia information retrieval},
	pages={291--297},
	year={2008},
	organization={ACM}
}

@inproceedings{dalal2005histograms,
	title={Histograms of oriented gradients for human detection},
	author={Dalal, N. and Triggs, B.},
	booktitle={IEEE Computer Society Conference on Computer Vision and Pattern Recognition},
	volume={1},
	pages={886--893},
	year={2005},
	organization={IEEE}
}

@inproceedings{laptev2008learning,
	title={Learning realistic human actions from movies},
	author={Laptev, I. and Marszalek, M. and Schmid, C. and Rozenfeld, B.},
	booktitle={IEEE Conference on Computer Vision and Pattern Recognition},
	pages={1--8},
	year={2008},
	organization={IEEE}
}

@inproceedings{iwashita2014first,
	title={First-person animal activity recognition from egocentric videos},
	author={Iwashita, Y. and Takamine, A. and Kurazume, R. and Ryoo, M. S.},
	booktitle={International Conference on Pattern Recognition},
	pages={4310--4315},
	year={2014},
	organization={IEEE}
}

@inproceedings{simonyan2014two,
  title={Two-stream convolutional networks for action recognition in videos},
  author={Simonyan, K. and Zisserman, A.},
  booktitle={Advances in Neural Information Processing Systems},
  pages={568--576},
  year={2014}
}

@article{wang2013dense,
  title={Dense trajectories and motion boundary descriptors for action recognition},
  author={Wang, H. and Kl{\"a}ser, A. and Schmid, C. and Liu, C. L.},
  journal={International Journal of Computer Vision},
  volume={103},
  number={1},
  pages={60--79},
  year={2013},
  publisher={Springer}
}

@inproceedings{wang2011action,
  title={Action recognition by dense trajectories},
  author={Wang, H. and Kl{\"a}ser, A. and Schmid, C. and Liu, C.L.},
  booktitle={IEEE Conference on Computer Vision and Pattern Recognition},
  pages={3169--3176},
  year={2011},
  organization={IEEE}
}

@inproceedings{jain2013better,
  title={Better exploiting motion for better action recognition},
  author={Jain, M. and Jegou, H. and Bouthemy, P.},
  booktitle={Proceedings of the IEEE Conference on Computer Vision and Pattern Recognition},
  pages={2555--2562},
  year={2013}
}

@article{wang2015temporal,
  title={Temporal pyramid pooling based convolutional neural networks for action recognition},
  author={Wang, P. and Cao, Y. and Shen, C. and Liu, L. and Shen, H. T.},
  journal={arXiv preprint arXiv:1503.01224},
  year={2015}
}

@article{ma2016going,
  title={Going Deeper into First-Person Activity Recognition},
  author={Ma, M. and Fan, H. and Kitani, K. M.},
  journal={arXiv preprint arXiv:1605.03688},
  year={2016}
}

@article{aggarwal2011human,
  title={Human activity analysis: A review},
  author={Aggarwal, J. K. and Ryoo, M. S.},
  journal={ACM Computing Surveys},
  volume={43},
  number={3},
  pages={16},
  year={2011},
  publisher={ACM}
}

@article{wang2011hidden,
  title={Hidden part models for human action recognition: Probabilistic versus max margin},
  author={Wang, Y. and Mori, G.},
  journal={IEEE Transactions on Pattern Analysis and Machine Intelligence},
  volume={33},
  number={7},
  pages={1310--1323},
  year={2011},
  publisher={IEEE}
}

@inproceedings{wu2014leveraging,
  title={Leveraging hierarchical parametric networks for skeletal joints based action segmentation and recognition},
  author={Wu, D. and Shao, L.},
  booktitle={Proceedings of the IEEE Conference on Computer Vision and Pattern Recognition},
  pages={724--731},
  year={2014}
}

@inproceedings{li2015delving,
  title={Delving into egocentric actions},
  author={Li, Y. and Ye, Z. and Rehg, J. M.},
  booktitle={Proceedings of the IEEE Conference on Computer Vision and Pattern Recognition},
  pages={287--295},
  year={2015}
}

@inproceedings{poleg2016compact,
  title={Compact CNN for indexing egocentric videos},
  author={Poleg, Y. and Ephrat, A. and Peleg, S. and Arora, C.},
  booktitle={IEEE Winter Conference on Applications of Computer Vision},
  pages={1--9},
  year={2016},
  organization={IEEE}
}

@inproceedings{kahani2016time,
  title={Time series correlation for first-person videos},
  author={Kahani, R. and Talebpour, A. and Mahmoudi-Aznaveh, A.},
  booktitle={Iranian Conference on Electrical Engineering},
  pages={805--809},
  year={2016},
  organization={IEEE}
}

@article{xie2006mean,
  title={Mean frequency derived via Hilbert-Huang transform with application to fatigue EMG signal analysis},
  author={Xie, H. and Wang, Z.},
  journal={Computer methods and programs in biomedicine},
  volume={82},
  number={2},
  pages={114--120},
  year={2006},
  publisher={Elsevier}
}

@article{echeverria2001application,
  title={Application of empirical mode decomposition to heart rate variability analysis},
  author={Echeverria, J. C. and Crowe, J. A. and Woolfson, M. S. and Hayes-Gill, B. R.},
  journal={Medical and Biological Engineering and Computing},
  volume={39},
  number={4},
  pages={471--479},
  year={2001},
  publisher={Springer}
}

@article{tolwinski2007hilbert,
  title={The Hilbert Transform and Empirical Mode Decomposition as Tools for Data Analysis},
  author={Tolwinski, S.},
  journal={Tucson: University of Arizona},
  year={2007}
}

@inproceedings{perronnin2010improving,
  title={Improving the fisher kernel for large-scale image classification},
  author={Perronnin, F. and S{\'a}nchez, J. and Mensink, T.},
  booktitle={European conference on computer vision},
  pages={143--156},
  year={2010},
  organization={Springer}
}



@inproceedings{pirsiavash2012detecting,
  title={Detecting activities of daily living in first-person camera views},
  author={Pirsiavash, Hamed and Ramanan, Deva},
  booktitle={Computer Vision and Pattern Recognition (CVPR), 2012 IEEE Conference on},
  pages={2847--2854},
  year={2012},
  organization={IEEE}
}


@inproceedings{kraft2014motion,
  title={Motion based foreground detection and poselet motion features for action recognition},
  author={Kraft, Erwin and Brox, Thomas},
  booktitle={Asian Conference on Computer Vision},
  pages={350--365},
  year={2014},
  organization={Springer}
}


@inproceedings{spriggs2009temporal,
	title={Temporal segmentation and activity classification from first-person sensing},
	author={Spriggs, Ekaterina H and De La Torre, Fernando and Hebert, Martial},
	booktitle={Computer Vision and Pattern Recognition Workshops, 2009. CVPR Workshops 2009. IEEE Computer Society Conference On},
	pages={17--24},
	year={2009},
	organization={IEEE}
}
